@article{keskar,
  title={ON LARGE-BATCH TRAINING FOR DEEP LEARNING:
GENERALIZATION GAP AND SHARP MINIMA},
  author={Keskar and Mudigere and Nocedal and Smelyanskiy and Tang},
  journal={ICLR},
  year={2017}
}
